
:20:ST071023CYC/1
:25:PL46114010100000579009004001
:28C:11/1
:60F:C071023PLN8985995772,25
:61:0710231023DN6,62NCHGNONREF//BR07296102000003
843-OP£. POCZTOWA. NORM
:86:843 OP£ATA POCZTOWA: NORM; TNR: 145411008025459.000001
:61:0710231023DN2,50NCHGNONREF//BR07296102000003
839-OP£. ZA PRZ. POCZT.
:86:839 OP£ATA ZA PRZEKAZ POCZTOWY; TNR: 145411008025459.000002
:61:0710231023DN1,51NTRFNONREF//BR07296102000003
902-PRZEKAZ POCZTOWY
:86:902 PRZEKAZ POCZTOWY; DLA: JAN ZAMOJSKI BOHATERÓW GRUNWALDU 4 23 
96-300 ¦WINOUJ¦CIE; TYT.: WYGRANA W KONKURSIE TENISOWYM; 
72132000190099001120000005 PPUP POCZTA POLSKA; TNR: 
145411008025459.000003
:61:0710231023DN456,32NTRFR12865//BR07296102000005
945-PRZEL.KRAJ.WYCH.MT.ELX.ZUS
:86:945 IBRE PRZELEW ZUS; NA RACH.: 83101010230000261395100000; 
RODZAJ SK£ADKI: UBEZPIECZENIE SPO£ECZNE; DEKLARACJA: S 200710 
01; NIP: 6571112238; ID UZUP.: 2 DW2589634; REF. KLIENTA: 
R12865; TNR: 145411008035691.000001
:61:0710231023DN65,21NTRFR265691//BR07296102000009
946-PRZEL.KRAJ.WYCH.MT.ELX.US
:86:946 IBRE PRZELEW ORGAN PODATKOWY; NA RACH.: 
39101010100166102221000000; DLA: URZ¡D SKARBOWY WARSZAWA-BIELANY 
WARSZAWA; NAZWA ZOBOW.: KLINIKA MEDYCZNA POL MED FIO£KOWA 14 
03-486 WARSZAWA; ID UZUP.: N 6571112238; SYMBOL FORM.: CIT2; 
OKRES: 07R; REF. KLIENTA: R265691; TNR: 145411008035692.040001
:61:0710231023DN117,25NTRFNONREF//BR07296102000010
973-MT PRZELEW NA RZECZ
:86:973 IBRE PRZELEW WEWNÊTRZNY; NA RACH.: 
87114010100000579009002002; DLA: ZAK£AD WYTWÓRCZY BARON ZAMKOWA 
9 86-212 FR¡BORK; TYT.: TRANSFER ¦RODKÓW; TNR: 
145411008035693.000002
:61:0710231023DN98,36NTRFNONREF//BR07296102000011
973-MT PRZELEW NA RZECZ
:86:973 IBRE PRZELEW WEWNÊTRZNY; NA RACH.: 
26114010100000579009003003; DLA: WYTWÓRNIA OKIEN KOLWIND 
PÓ£NOCNA 26 09-148 PI¡TRZYN; TYT.: PRZEKAZANIE ¦RODKÓW; TNR: 
145411008035693.010002
:61:0710231023DN35,45NTRFNONREF//BR07296102000014
944-PRZEL.KRAJ.WYCH.MT.ELX
:86:944 IBRE PRZELEW KRAJOWY; NA RACH.: 05109010560001589600256813; 
DLA: KLINIKA MEDYCZNA PRO MED FIO£KOWA 14 03-486 WARSZAWA; TYT.: 
KONSULTACJA MEDYCZNA; TNR: 145411008035693.020001
:61:0710231023DN3,96NTRFNONREF//BR07296102000015
947-PRZEL.KRAJ.WYCH.MT.SORBNET
:86:947 IBRE PRZELEW SORBNET; NA RACH.: 65109010560002589600256847; 
DLA: KLINIKA MEDYCZNA PRO MED FIO£KOWA 14 03-486 WARSZAWA; TYT.: 
DOSTARCZENIE SZCZEPIONKI; TNR: 145411008035693.030002
:61:0710231023DN6,62NCHGNONREF//BR07296102000016
843-OP£. POCZTOWA. NORM
:86:843 OP£ATA POCZTOWA: NORM; TNR: 145411008035843.000001
:61:0710231023DN2,50NCHGNONREF//BR07296102000016
839-OP£. ZA PRZ. POCZT.
:86:839 OP£ATA ZA PRZEKAZ POCZTOWY; TNR: 145411008035843.000002
:61:0710231023DN1,51NTRFNONREF//BR07296102000016
902-PRZEKAZ POCZTOWY
:86:902 PRZEKAZ POCZTOWY; DLA: JAN ZAMOJSKI BOHATERÓW GRUNWALDU 4 23 
96-300 ¦WINOUJ¦CIE; TYT.: WYGRANA W KONKURSIE TENISOWYM; 
72132000190099001120000005 PPUP POCZTA POLSKA; TNR: 
145411008035843.000003
:61:0710231023DN12,03NTRFZWROT NADP£ATY//BR07296102000020
973-MT PRZELEW NA RZECZ
:86:973 IBRE PRZELEW WEWNÊTRZNY; NA RACH.: 
82114010100000579009005002; DLA: DRUGI KLIENT TESTOWY S.A. 
WARSZAWA, KRÓLEWSKA 14; TYT.: ZWROT NADP£ATY ZA F-RÊ 30/2006; 
WALUTA: EUR; KWOTA: 2,21; KURS: 5,4429; REF. KLIENTA: ZWROT 
NADP£ATY; TNR: 145411008036753.010001
:61:0710231023DN82,79NTRFNONREF//BR07296102000021
963-PRZEKSIÊGOWANIE ¦RODKÓW MT
:86:963 IBRE PRZELEW WEWNÊTRZNY; NA RACH.: 
89114010100000579009004003; DLA: KLIENT TESTOWY SP. Z O.O. 
SENTAROSKA 18, WARSZAWA; TYT.: DRUGI ZAKUP WALUTY EURO; WALUTA: 
EUR; KWOTA: 15,21; KURS: 5,4429; TNR: 145411008036754.010001
:61:0710231023DN10,00NTRFNONREF//BR07296102000022
963-PRZEKSIÊGOWANIE ¦RODKÓW MT
:86:963 IBRE PRZELEW WEWNÊTRZNY; NA RACH.: 
89114010100000579009004003; DLA: KLIENT TESTOWY SP. Z O.O. UL. 
SENATROSKA 18, 00-950 WARSZAWA; TYT.: ZAKUP WALUTY; TNR: 
145411008036754.030001
:61:0710231023DN5,99NTRFGAZETY//BR07296102000023
973-MT PRZELEW NA RZECZ
:86:973 IBRE PRZELEW WEWNÊTRZNY; NA RACH.: 
12114010100000579009005001; DLA: DRUGI KLIENT TESTOWY S.A. UL. 
SENATROSKA 20, WARSZAWA; TYT.: ZAP£ATA ZA DOSTAWÊ GAZETY FAKTURA 
V AT 2007/101; REF. KLIENTA: GAZETY; TNR: 145411008036754.040001
:61:0710231023DN6,20NTRFNONREF//BR07296102000024
973-MT PRZELEW NA RZECZ
:86:973 IBRE PRZELEW WEWNÊTRZNY; NA RACH.: 
82114010100000579009005002; DLA: DRUGI KLIENT TESTOWY S.A. UL. 
SENATROSKA 20, WARSZAWA; TYT.: FAKTURA NR 129/09/2007; TNR: 
145411008036754.060001
:61:0710231023DN117,25NTRFNONREF//BR07296102000028
971-BRESOK PRZELEW NA RZECZ
:86:971 BRESOK PRZELEW WEWNÊTRZNY; NA RACH.: 
87114010100000579009002002; DLA: ZAK£AD WYTWÓRCZY BARON ZAMKOWA 
9 86-212 FR¡BORK; TYT.: TRANSFER ¦RODKÓW; TNR: 
145411008038901.000002
:61:0710231023DN98,36NTRFNONREF//BR07296102000029
971-BRESOK PRZELEW NA RZECZ
:86:971 BRESOK PRZELEW WEWNÊTRZNY; NA RACH.: 
26114010100000579009003003; DLA: WYTWÓRNIA OKIEN KOLWIND 
PÓ£NOCNA 26 09-148 PI¡TRZYN; TYT.: PRZEKAZANIE ¦RODKÓW; TNR: 
145411008038901.010002
:61:0710231023DN35,45NTRFNONREF//BR07296102000030
928-PRZEL.KRAJ.WYCH.BRESOK.ELX
:86:928 BRESOK PRZELEW KRAJOWY; NA RACH.: 
05109010560001589600256813; DLA: KLINIKA MEDYCZNA PRO MED 
FIO£KOWA 14 03-486 WARSZAWA; TYT.: KONSULTACJA MEDYCZNA; TNR: 
145411008038906.000001
:61:0710231023DN3,96NTRFNONREF//BR07296102000031
931-PRZEL.KRAJ.WYCH.BRESOK.SORBNET
:86:931 BRESOK PRZELEW SORBNET; NA RACH.: 
65109010560002589600256847; DLA: KLINIKA MEDYCZNA PRO MED 
FIO£KOWA 14 03-486 WARSZAWA; TYT.: DOSTARCZENIE SZCZEPIONKI; 
TNR: 145411008038906.010002
:61:0710231023DN65,21NTRFR265691//BR07296102000033
930-PRZEL.KRAJ.WYCH.BRESOK.ELX.US
:86:930 BRESOK PRZELEW ORGAN PODATKOWY; NA RACH.: 
39101010100166102221000000; DLA: URZ¡D SKARBOWY WARSZAWA-BIELANY 
WARSZAWA; NAZWA ZOBOW.: KLINIKA MEDYCZNA POL MED FIO KOWA 14 
03-486 WARSZAWA; ID UZUP.: N 6571112238; SYMBOL FORM.: CIT2; 
OKRES: 07R; REF. KLIENTA: R265691; TNR: 145411008038907.000001
:61:0710231023DN456,32NTRFR12865//BR07296102000034
929-PRZEL.KRAJ.WYCH.BRESOK.ELX.ZUS
:86:929 BRESOK PRZELEW ZUS; NA RACH.: 83101010230000261395100000; 
RODZAJ SK£ADKI: UBEZPIECZENIE SPO£ECZNE; DEKLARACJA: S 200710 
01; NIP: 6571112238; ID UZUP.: 2 DW2589634; REF. KLIENTA: 
R12865; TNR: 145411008038907.010001
:61:0710231023DN6,62NCHGNONREF//BR07296102000037
843-OP£. POCZTOWA. NORM
:86:843 OP£ATA POCZTOWA: NORM; TNR: 145411008039072.000001
:61:0710231023DN2,50NCHGNONREF//BR07296102000037
839-OP£. ZA PRZ. POCZT.
:86:839 OP£ATA ZA PRZEKAZ POCZTOWY; TNR: 145411008039072.000002
:61:0710231023DN1,51NTRFNONREF//BR07296102000037
902-PRZEKAZ POCZTOWY
:86:902 PRZEKAZ POCZTOWY; DLA: JAN ZAMOJSKI BOHATERÓW GRUNWALDU 4 23 
96-300 ¦WINOUJ¦CIE; TYT.: WYGRANA W KONKURSIE TENISOWYM; 
72132000190099001120000005 PPUP POCZTA POLSKA; TNR: 
145411008039072.000003
:61:0710231023DN1,00NTRFNONREF//BR07296102000038
947-PRZEL.KRAJ.WYCH.MT.SORBNET
:86:947 IBRE PRZELEW SORBNET; NA RACH.: 57124011091111000005166554; 
DLA: KUPIEC SP. Z O.O. WARSZAWA, SÊKOCIÑSKA 4; TYT.: TESTOWY 
PRZELEW SORBNET - FAKTURA 8 00.01/2007; TNR: 
145411008039925.000002
:61:0710231023CN24,14NTRFNONREF//EL002363-000001
770-PRZELEW PRZYCHODZ¡CY - ELIXIR
:86:770 PRZELEW KRAJOWY; Z RACH.: 35109010560000000006093440; OD: 
FIRMA 1 SP. Z O.O.   ; TYT.: ZAP£ATA ZA FAKTURÊ NR  1/2007   ; 
DATA STEMPLA: 23.10.2007; TNR: 145411006445851.000001
:61:0710231023CN24,14NTRFNONREF//EL002363-000002
770-PRZELEW PRZYCHODZ¡CY - ELIXIR
:86:770 PRZELEW KRAJOWY; Z RACH.: 07109013750000000037012607; OD: 
FIRMA 2 SP. Z O.O.   ; TYT.: ZAP£ATA ZA FAKTURÊ NR  2/2007   ; 
DATA STEMPLA: 23.10.2007; TNR: 145411006445851.010001
:61:0710231023CN24,14NTRFNONREF//EL002363-000003
770-PRZELEW PRZYCHODZ¡CY - ELIXIR
:86:770 PRZELEW KRAJOWY; Z RACH.: 59109014210000000042053013; OD: 
FIRMA 3 SP. Z O.O.   ; TYT.: ZAP£ATA ZA FAKTURÊ NR  3/2007   ; 
DATA STEMPLA: 23.10.2007; TNR: 145411006445852.000001
:61:0710231023CN24,14NTRFNONREF//EL002363-000004
770-PRZELEW PRZYCHODZ¡CY - ELIXIR
:86:770 PRZELEW KRAJOWY; Z RACH.: 57124011091111000005166554; OD: 
FIRMA 4 SP. Z O.O.   ; TYT.: ZAP£ATA ZA FAKTURÊ NR  4/2007   ; 
DATA STEMPLA: 23.10.2007; TNR: 145411006445852.010001
:61:0710231023CN24,14NTRFNONREF//EL002363-000005
770-PRZELEW PRZYCHODZ¡CY - ELIXIR
:86:770 PRZELEW KRAJOWY; Z RACH.: 97124010661111000000001892; OD: 
FIRMA 5 SP. Z O.O.   ; TYT.: ZAP£ATA ZA FAKTURÊ NR  5/2007   ; 
DATA STEMPLA: 23.10.2007; TNR: 145411006445852.020001
:61:0710231023CN24,14NTRFNONREF//EL002363-000006
770-PRZELEW PRZYCHODZ¡CY - ELIXIR
:86:770 PRZELEW KRAJOWY; Z RACH.: 30116022020000000060838858; OD: 
FIRMA 6 SP. Z O.O.   ; TYT.: ZAP£ATA ZA FAKTURÊ NR  6/2007   ; 
DATA STEMPLA: 23.10.2007; TNR: 145411006445852.030001
:61:0710231023CN24,14NTRFNONREF//EL002363-000007
770-PRZELEW PRZYCHODZ¡CY - ELIXIR
:86:770 PRZELEW KRAJOWY; Z RACH.: 83116022020000000030623859; OD: 
FIRMA 7 SP. Z O.O.   ; TYT.: ZAP£ATA ZA FAKTURÊ NR  7/2007   ; 
DATA STEMPLA: 23.10.2007; TNR: 145411006445852.040001
:61:0710231023CN24,14NTRFNONREF//EL002363-000008
770-PRZELEW PRZYCHODZ¡CY - ELIXIR
:86:770 PRZELEW KRAJOWY; Z RACH.: 38106000760000402340048678; OD: 
FIRMA 8 SP. Z O.O.   ; TYT.: ZAP£ATA ZA FAKTURÊ NR  8/2007   ; 
DATA STEMPLA: 23.10.2007; TNR: 145411006445852.050001
:61:0710231023CN1002444,00NTRFNONREF//SO059910-000001
771-PRZELEW PRZYCHODZ¡CY - SORBNET
:86:771 PRZELEW SORBNET; Z RACH.: 35109010560000000006093440; OD: 
FIRMA 1 SP. Z O.O.   ; TYT.: ZAP£ATA ZA FAKTURÊ NR  1/2007   ; 
TNR: 145411008745887.000002
:61:0710231023CN1002444,00NTRFNONREF//SO059910-000002
771-PRZELEW PRZYCHODZ¡CY - SORBNET
:86:771 PRZELEW SORBNET; Z RACH.: 07109013750000000037012607; OD: 
FIRMA 2 SP. Z O.O.   ; TYT.: ZAP£ATA ZA FAKTURÊ NR  2/2007   ; 
TNR: 145411008745888.000002
:61:0710231023DN120,00NCHGNONREF//GR20071023000003
794-OP£ATY GRUPOWE
:86:794 OP£ATY GRUPOWE; TNR: 145420004413026.000003
:62F:C071023PLN8987999030,37
:64:C071023PLN8987999030,37
-

:20:ST071023CYC/1
:25:PL19114010100000579009004002
:28C:11/1
:60F:C071023PLN100000026,49
:61:0710231023CN24,14NTRFNONREF//FT07296113000019
970-PRZELEW NA RZECZ
:86:970 PRZELEW WEWNÊTRZNY; Z RACH.: 14180010150000000000123456; OD: 
FIRMA 9 SP. Z O.O.; TYT.: ZAP£ATA ZA FAKTURÊ NR  9/2007; TNR: 
145410009246772.000001
:61:0710231023CN24,14NTRFNONREF//FT07296113000020
970-PRZELEW NA RZECZ
:86:970 PRZELEW WEWNÊTRZNY; Z RACH.: 16183000040000000000987654; OD: 
FIRMA 10 SP. Z O.O.; TYT.: ZAP£ATA ZA FAKTURÊ NR  10/2007; TNR: 
145410009246803.000001
:62F:C071023PLN100000074,77
:64:C071023PLN100000074,77
-

:20:ST071023CYC/1
:25:PL89114010100000579009004003
:28C:11/1
:60F:C071023EUR995274499,72
:61:0710231023DR216,45NTRFR159753//BR07296102000004
990-P£ATNO¦Æ REGULOWANA
:86:990 P£ATNO¦Æ REGULOWANA; NA RACH.: NO9386011117947; DLA: NORDIC 
GUNSMITHS ASSOCIATION GUSTAV XVI STRASS 21 2685 OSLO; TYT.: FVAT 
115/259/2/2007; DATA NOSTRO: 25.10.2007; REF. KLIENTA: R159753; 
REF. MT103: BR07296102000004; TNR: 145411008035685.020002
:61:0710231023CR15,21NTRFNONREF//BR07296102000021
963-PRZEKSIÊGOWANIE ¦RODKÓW MT
:86:963 IBRE PRZELEW WEWNÊTRZNY; Z RACH.: 
46114010100000579009004001; OD: KLIENT TESTOWY SP. Z O.O. 
WARSZAWA, UL. SENATORSKA 18; TYT.: DRUGI ZAKUP WALUTY EURO; TNR: 
145411008036754.010002
:61:0710231023CR1,84NTRFNONREF//BR07296102000022
963-PRZEKSIÊGOWANIE ¦RODKÓW MT
:86:963 IBRE PRZELEW WEWNÊTRZNY; Z RACH.: 
46114010100000579009004001; OD: KLIENT TESTOWY SP. Z O.O. 
WARSZAWA, UL. SENATORSKA 18; TYT.: ZAKUP WALUTY; WALUTA: PLN; 
KWOTA: 10,00; KURS: 5,4429; TNR: 145411008036754.030002
:61:0710231023DR210,01NTRFR259773//FT07296102000003
983-POLECENIE WYP£ATY MT
:86:983 POLECENIE WYP£ATY WYCHODZ¡CE IBRE; NA RACH.: 
DE422658007008009491000; DLA: NORDIC GUNSMITHS ASSOCIATION 
GUSTAV XVI STRASS 21 2685 OSLO; TYT.: FVAT 115/260/2/2007; 
WALUTA: EUR; KWOTA: 210,01; DATA NOSTRO: 25.10.2007; REF. 
KLIENTA: R259773; REF. MT103: FT07296102000003; TNR: 
145410009437291.000002
:61:0710231023DR216,45NTRFR159753//BR07296102000035
990-P£ATNO¦Æ REGULOWANA
:86:990 P£ATNO¦Æ REGULOWANA; NA RACH.: NO9386011117947; DLA: NORDIC 
GUNSMITHS ASSOCIATION GUSTAV XVI STRASS 21 2685 OSLO; TYT.: FVAT 
115/259/2/2007; DATA NOSTRO: 25.10.2007; REF. KLIENTA: R159753; 
REF. MT103: BR07296102000035; TNR: 145411008038907.040002
:61:0710231023DR216,45NTRFR159753//FT07296102000006
981-POLECENIE WYP£ATY BRESOK
:86:981 POLECENIE WYP£ATY WYCHODZ¡CE BRESOK; NA RACH.: 
DE422658007008009491000; DLA: NORDIC GUNSMITHS ASSOCIATION 
GUSTAV XVI STRASS 21 2685 OSLO; TYT.: FVAT 115/259/2/2007; 
WALUTA: EUR; KWOTA: 216,45; DATA NOSTRO: 25.10.2007; REF. 
KLIENTA: R159753; REF. MT103: FT07296102000006; TNR: 
145410010639113.000002
:61:0710231023DR22,82NCHGNONREF//GR20071023000004
794-OP£ATY GRUPOWE
:86:794 OP£ATY GRUPOWE; TNR: 145420004413026.000004
:62F:C071023EUR995273634,59
:64:C071023EUR995273634,59
-

:20:ST071023CYC/1
:25:PL62114010100000579009004004
:28C:11/1
:60F:C071023EUR12,94
:62F:C071023EUR12,94
:64:C071023EUR12,94
-

:20:ST071023CYC/1
:25:PL35114010100000579009004005
:28C:11/1
:60F:C071023USD56,48
:61:0710231023DD43,87NTRFNONREF//BR07296102000006
973-MT PRZELEW NA RZECZ
:86:973 IBRE PRZELEW WEWNÊTRZNY; NA RACH.: 
26114010100000579009003003; DLA: WYTWÓRNIA OKIEN KOLWIND 
PÓ£NOCNA 26 09-148 PI¡TRZYN; TYT.: PRZEKAZANIE ¦RODKÓW; TNR: 
145411008035692.010002
:62F:C071023USD12,61
:64:C071023USD12,61
-

:20:ST071023CYC/1
:25:PL12114010100000579009005001
:28C:11/1
:60F:C071023PLN277,87
:61:0710231023CN5,99NTRFNONREF//BR07296102000023
973-MT PRZELEW NA RZECZ
:86:973 IBRE PRZELEW WEWNÊTRZNY; Z RACH.: 
46114010100000579009004001; OD: KLIENT TESTOWY SP. Z O.O. 
WARSZAWA, UL. SENATORSKA 18; TYT.: ZAP£ATA ZA DOSTAWÊ GAZETY 
FAKTURA V AT 2007/101; TNR: 145411008036754.040002
:62F:C071023PLN283,86
:64:C071023PLN283,86
-

:20:ST071023CYC/1
:25:PL82114010100000579009005002
:28C:11/1
:60F:D071023EUR959,45
:61:0710231023CR2,21NTRFNONREF//BR07296102000020
973-MT PRZELEW NA RZECZ
:86:973 IBRE PRZELEW WEWNÊTRZNY; Z RACH.: 
46114010100000579009004001; OD: KLIENT TESTOWY SP. Z O.O. 
WARSZAWA, UL. SENATORSKA 18; TYT.: ZWROT NADP£ATY ZA F-RÊ 
30/2006; TNR: 145411008036753.010002
:61:0710231023CR1,14NTRFNONREF//BR07296102000024
973-MT PRZELEW NA RZECZ
:86:973 IBRE PRZELEW WEWNÊTRZNY; Z RACH.: 
46114010100000579009004001; OD: KLIENT TESTOWY SP. Z O.O. 
WARSZAWA, UL. SENATORSKA 18; TYT.: FAKTURA NR 129/09/2007; 
WALUTA: PLN; KWOTA: 6,20; KURS: 5,4429; TNR: 
145411008036754.060002
:61:0710231023DR16,36NTRFNONREF//FT07296102000004
944-PRZEL.KRAJ.WYCH.MT.ELX
:86:944 IBRE PRZELEW KRAJOWY; NA RACH.: 40106000760000390201994867; 
DLA: WYPO¯YCZALNIA P£YT DVD PRZYGODA MONIUSZKI 7 56-328 
BRONOWICE; TYT.: WYPO¯YCZENIE FILMÓW DVD; WALUTA: PLN; KWOTA: 
86,20; KURS: 5,2691; TNR: 145410009337393.020001
:61:0710231023DR2,80NCOMNONREF//TT0729600001
30-PROWIZJA - WP£ATA
:86:30 PROW. OD WP£ATY GOTÓWKI EUR; TYT.: ZWROT ZALICZKI NA POCZET 
DELEGACJI; TNR: 145410009337477.000001
:61:0710231023CR500,00NMSCNONREF//TT0729600001
65-WP£ATA WALUTOWA
:86:65 WP£ATA GOTÓWKI; OD: JAN KOWALSKI; TYT.: ZWROT ZALICZKI NA 
POCZET DELEGACJI; TNR: 145410009337477.000002
:61:0710231023DR16,36NTRFNONREF//FT07296102000005
928-PRZEL.KRAJ.WYCH.BRESOK.ELX
:86:928 BRESOK PRZELEW KRAJOWY; NA RACH.: 
40106000760000390201994867; DLA: WYPO¯YCZALNIA P£YT DVD PRZYGODA 
MONIUSZKI 7 56-328 BRONOWICE; TYT.: WYPO¯YCZENIE FILMÓW DVD; 
WALUTA: PLN; KWOTA: 86,20; KURS: 5,2691; TNR: 
145410010639034.000001
:61:0710231023DR1,27NCHGNONREF//GR20071023000005
794-OP£ATY GRUPOWE
:86:794 OP£ATY GRUPOWE; TNR: 145420004413026.000005
:62F:D071023EUR492,89
:64:D071023EUR492,89
-

:20:ST071023CYC/1
:25:PL55114010100000579009005003
:28C:11/1
:60F:C071023USD144,46
:62F:C071023USD144,46
:64:C071023USD144,46
-
